<?xml version="1.0" encoding="UTF-8"?><record xmlns="http://www.loc.gov/MARC21/slim" xmlns:cinclude="http://apache.org/cocoon/include/1.0" xmlns:zs="http://www.loc.gov/zing/srw/">
  <leader>00464nz  a2200145n  4500</leader>
  <controlfield tag="001">no2006032880</controlfield>
  <controlfield tag="003">DLC</controlfield>
  <controlfield tag="005">20060401071009.0</controlfield>
  <controlfield tag="008">060329n| acannaabn          |n aaa     c</controlfield>
  <datafield tag="010" ind1=" " ind2=" ">
    <subfield code="a">no2006032880</subfield>
  </datafield>
  <datafield tag="035" ind1=" " ind2=" ">
    <subfield code="a">(OCoLC)oca06897963</subfield>
  </datafield>
  <datafield tag="040" ind1=" " ind2=" ">
    <subfield code="a">SaPrUSA</subfield>
    <subfield code="b">eng</subfield>
    <subfield code="c">SaPrUSA</subfield>
  </datafield>
  <datafield tag="100" ind1="1" ind2=" ">
    <subfield code="a">Jefferson, Philip Clarke</subfield>
  </datafield>
  <datafield tag="670" ind1=" " ind2=" ">
    <subfield code="a">The church in the 60's, 1963:</subfield>
    <subfield code="b">t.p. (P.C. Jefferson)</subfield>
  </datafield>
  <datafield tag="670" ind1=" " ind2=" ">
    <subfield code="a">LC online cat., Mar. 23, 2006</subfield>
    <subfield code="b">(hdg.: Jefferson, Philip Clarke; usage: P.C. Jefferson)</subfield>
  </datafield>
</record>